
@TechReport{oauth2,
  author =	 {D. Hardt},
  title =	 {{The OAuth 2.0 Authorization Framework}},
  institution =	 {The Internet Engineering Task Force},
  year =	 {2012},
  type =	 {RFC},
  number =	 {6749},
  month =	 {October},
  note =	 {https://tools.ietf.org/html/rfc6749}
}

@TechReport{oidc,
  author =	 {N. Sakimura and J. Bradley and M. Jones and B. de Medeiros and C. Mortimore},
  title =	 {{OpenID Connect Core 1.0 incorporating errata set 1}},
  institution =	 {The OpenID Foundation},
  year =	 {2014},
  month =	 {November},
  note =	 {https://openid.net/specs/openid-connect-core-1\_0.html}
}

@inproceedings{pasta,
 author = {Agrawal, Shashank and Miao, Peihan and Mohassel, Payman and Mukherjee, Pratyay},
 title = {PASTA: PASsword-based Threshold Authentication},
 booktitle = {Proceedings of the 2018 ACM SIGSAC Conference on Computer and Communications Security},
 series = {CCS '18},
 year = {2018},
 isbn = {978-1-4503-5693-0},
 location = {Toronto, Canada},
 pages = {2042--2059},
 numpages = {18},
 url = {http://doi.acm.org/10.1145/3243734.3243839},
 doi = {10.1145/3243734.3243839},
 acmid = {3243839},
 publisher = {ACM},
 address = {New York, NY, USA},
 keywords = {digital signature, message authentication code, oblivious pseudorandom function, passwords, threshold cryptography, token-based authentication},
} 

@inproceedings{argon2,
  title={Argon2: new generation of memory-hard functions for password hashing and other applications},
  author={Biryukov, Alex and Dinu, Daniel and Khovratovich, Dmitry},
  booktitle={2016 IEEE European Symposium on Security and Privacy (EuroS\&P)},
  pages={292--302},
  year={2016},
  organization={IEEE}
}

@incollection{wangdictattack,
  title={Offline dictionary attack on password authentication schemes using smart cards},
  author={Wang, Ding and Wang, Ping},
  booktitle={Information security},
  pages={221--237},
  year={2015},
  publisher={Springer}
}

@inproceedings{toppss,
  title={TOPPSS: Cost-minimal password-protected secret sharing based on threshold OPRF},
  author={Jarecki, Stanis{\l}aw and Kiayias, Aggelos and Krawczyk, Hugo and Xu, Jiayu},
  booktitle={International Conference on Applied Cryptography and Network Security},
  pages={39--58},
  year={2017},
  organization={Springer}
}

@inproceedings{avtpa,
  title={A Threshold Multi-server Protocol for Password-Based Authentication},
  author={Guan, Mengxiang and Song, Jiaxing and Liu, Weidong},
  booktitle={2016 IEEE 3rd International Conference on Cyber Security and Cloud Computing (CSCloud)},
  pages={108--118},
  year={2016},
  organization={IEEE}
}




